@article{oyj2006,
  title={网络环境下的图书馆行政管理系统的设计},
  author={欧阳剑 and 苏斌 and 苏瑞竹 and 吴英姿},
  journal={图书馆界},
  number={2},
  pages={47-52},
  year={2006},
}

@article{zw2015,
  title={基于SOA架构的综合行政管理系统开发技术研究},
  author={赵巍},
  journal={价值工程},
  number={2},
  pages={185-186},
  year={2015},
}

@article{ysy2000,
  title={高等院校校园网行政管理系统的开发与应用},
  author={严世芸 and 杨美玲 and 陈韶明},
  journal={中国高等医学教育},
  number={1},
  pages={11-12},
  year={2000},
}

@phdthesis{wq2010,
  title={基于.NET的码头行政管理系统设计与实现},
  author={吴潜},
  school={上海交通大学},
  year={2010},
}

@article{sj2004,
  title={利用信息化手段建立新型行政管理系统},
  author={孙进},
  journal={工程经济},
  number={11},
  pages={49-50},
  year={2004},
}

@phdthesis{hk2013,
  title={高校综合行政管理系统研究},
  author={何康},
  school={天津大学},
  year={2013},
}


@article{hzj2007,
  title={基于B/S结构的企业工会管理系统的设计与实现},
  author={韩兆君 and 徐玉国},
  journal={智能计算机与应用},
  number={3},
  pages={14-15},
  year={2007},
}

@inproceedings{whx2006,
  title={高校工会管理系统的设计与实现},
  author={王洪香},
  booktitle={OA'2006办公自动化学术研讨会},
  pages={38-40},
  year={2006},
}

@article{dxl2007,
  title={基于VFP的钢铁企业工会管理系统的设计开发},
  author={董晓林 and 孙利刚 and 明小红},
  journal={办公自动化:综合版},
  number={11},
  pages={22-23},
  year={2007},
}

@phdthesis{lzq2010,
  title={工会管理系统的设计与实现},
  author={李致群},
  school={华东师范大学},
  year={2010},
}


@article{lih2015,
  title={微信在企业工会宣传中的运用},
  author={李晖},
  journal={新西部:理论版},
  number={9},
  pages={55-55},
  year={2015},
}

@article{fanfl2013,
  title={电子商务中微信服务系统设计与实现},
  author={范丰龙},
  journal={商场现代化},
  number={20},
  pages={101-101},
  year={2013},
}

@article{qinjj2015,
  title={基于微信的考试系统设计与实现},
  author={覃俊杰 and 高翔 and 黄金春},
  journal={大众科技},
  volume={17},
  number={12},
  year={2015},
}